[gd_scene load_steps=17 format=2]

[ext_resource path="res://Assets/sprites/entanglement.png" type="Texture" id=1]
[ext_resource path="res://Scripts/Entanglement.gd" type="Script" id=2]

[sub_resource type="CircleShape2D" id=1]
radius = 8.0

[sub_resource type="AtlasTexture" id=2]
atlas = ExtResource( 1 )
region = Rect2( 0, 0, 16, 16 )

[sub_resource type="AtlasTexture" id=3]
atlas = ExtResource( 1 )
region = Rect2( 16, 0, 16, 16 )

[sub_resource type="AtlasTexture" id=4]
atlas = ExtResource( 1 )
region = Rect2( 32, 0, 16, 16 )

[sub_resource type="AtlasTexture" id=5]
atlas = ExtResource( 1 )
region = Rect2( 48, 0, 16, 16 )

[sub_resource type="AtlasTexture" id=6]
atlas = ExtResource( 1 )
region = Rect2( 64, 0, 16, 16 )

[sub_resource type="AtlasTexture" id=7]
atlas = ExtResource( 1 )
region = Rect2( 80, 0, 16, 16 )

[sub_resource type="AtlasTexture" id=8]
atlas = ExtResource( 1 )
region = Rect2( 96, 0, 16, 16 )

[sub_resource type="AtlasTexture" id=9]
atlas = ExtResource( 1 )
region = Rect2( 112, 0, 16, 16 )

[sub_resource type="AtlasTexture" id=10]
atlas = ExtResource( 1 )
region = Rect2( 128, 0, 16, 16 )

[sub_resource type="AtlasTexture" id=11]
atlas = ExtResource( 1 )
region = Rect2( 144, 0, 16, 16 )

[sub_resource type="AtlasTexture" id=12]
atlas = ExtResource( 1 )
region = Rect2( 160, 0, 16, 16 )

[sub_resource type="SpriteFrames" id=13]
animations = [ {
"frames": [ SubResource( 2 ), SubResource( 3 ), SubResource( 4 ), SubResource( 5 ), SubResource( 6 ), SubResource( 7 ), SubResource( 8 ), SubResource( 9 ), SubResource( 10 ), SubResource( 11 ), SubResource( 12 ) ],
"loop": true,
"name": "default",
"speed": 15.0
} ]

[sub_resource type="Animation" id=14]
resource_name = "hover"
loop = true
step = 0.25
tracks/0/type = "value"
tracks/0/path = NodePath(".:position")
tracks/0/interp = 1
tracks/0/loop_wrap = true
tracks/0/imported = false
tracks/0/enabled = true
tracks/0/keys = {
"times": PoolRealArray( 0, 0.5, 1 ),
"transitions": PoolRealArray( 1, 1, 1 ),
"update": 0,
"values": [ Vector2( 0, -8 ), Vector2( 0, -6 ), Vector2( 0, -8 ) ]
}

[node name="Entanglement" type="Area2D"]
script = ExtResource( 2 )

[node name="CollisionShape2D" type="CollisionShape2D" parent="."]
shape = SubResource( 1 )

[node name="AnimatedSprite" type="AnimatedSprite" parent="."]
frames = SubResource( 13 )
frame = 9
playing = true

[node name="Polygon2D" type="Polygon2D" parent="."]
position = Vector2( 0, -7.49599 )
scale = Vector2( 0.553037, 0.322425 )
offset = Vector2( -22, 5.25 )
polygon = PoolVector2Array( 26, -12, 18, -12, 22, -5.25 )

[node name="AnimationPlayer" type="AnimationPlayer" parent="Polygon2D"]
anims/hover = SubResource( 14 )

[connection signal="body_entered" from="." to="." method="_on_Entanglement_body_entered"]
[connection signal="body_exited" from="." to="." method="_on_Entanglement_body_exited"]
