[gd_scene load_steps=58 format=2]

[ext_resource path="res://Scripts/Flax.gd" type="Script" id=1]
[ext_resource path="res://Assets/sprites/flax_stand.png" type="Texture" id=2]
[ext_resource path="res://Assets/sprites/flax_run.png" type="Texture" id=3]
[ext_resource path="res://Assets/sprites/flax_jump.png" type="Texture" id=4]
[ext_resource path="res://Assets/sounds/jump.mp3" type="AudioStream" id=5]
[ext_resource path="res://Assets/sprites/flax_instant_spell.png" type="Texture" id=6]
[ext_resource path="res://Assets/sprites/flax_instant_spell_midair.png" type="Texture" id=7]
[ext_resource path="res://Assets/sprites/flax_channel.png" type="Texture" id=8]
[ext_resource path="res://Scripts/RayCast2D.gd" type="Script" id=9]
[ext_resource path="res://Assets/sprites/particle.png" type="Texture" id=10]
[ext_resource path="res://Assets/fonts/main.tres" type="DynamicFont" id=11]
[ext_resource path="res://Assets/sprites/flax_dead.png" type="Texture" id=12]
[ext_resource path="res://Assets/sounds/retrace_back.wav" type="AudioStream" id=13]
[ext_resource path="res://Assets/sounds/rewind.wav" type="AudioStream" id=14]
[ext_resource path="res://Assets/sounds/retrace.wav" type="AudioStream" id=15]
[ext_resource path="res://Assets/sounds/footsteps.wav" type="AudioStream" id=16]

[sub_resource type="RectangleShape2D" id=1]
extents = Vector2( 8.90163, 15.5127 )

[sub_resource type="AtlasTexture" id=2]
atlas = ExtResource( 2 )
region = Rect2( 0, 0, 32, 32 )

[sub_resource type="AtlasTexture" id=3]
atlas = ExtResource( 2 )
region = Rect2( 32, 0, 32, 32 )

[sub_resource type="AtlasTexture" id=4]
atlas = ExtResource( 2 )
region = Rect2( 64, 0, 32, 32 )

[sub_resource type="AtlasTexture" id=5]
atlas = ExtResource( 2 )
region = Rect2( 96, 0, 32, 32 )

[sub_resource type="AtlasTexture" id=6]
atlas = ExtResource( 2 )
region = Rect2( 128, 0, 32, 32 )

[sub_resource type="AtlasTexture" id=7]
atlas = ExtResource( 8 )
region = Rect2( 0, 0, 32, 32 )

[sub_resource type="AtlasTexture" id=8]
atlas = ExtResource( 8 )
region = Rect2( 32, 0, 32, 32 )

[sub_resource type="AtlasTexture" id=9]
atlas = ExtResource( 8 )
region = Rect2( 64, 0, 32, 32 )

[sub_resource type="AtlasTexture" id=10]
atlas = ExtResource( 8 )
region = Rect2( 96, 0, 32, 32 )

[sub_resource type="AtlasTexture" id=11]
atlas = ExtResource( 7 )
region = Rect2( 0, 0, 32, 32 )

[sub_resource type="AtlasTexture" id=12]
atlas = ExtResource( 7 )
region = Rect2( 32, 0, 32, 32 )

[sub_resource type="AtlasTexture" id=13]
atlas = ExtResource( 7 )
region = Rect2( 64, 0, 32, 32 )

[sub_resource type="AtlasTexture" id=14]
atlas = ExtResource( 7 )
region = Rect2( 96, 0, 32, 32 )

[sub_resource type="AtlasTexture" id=15]
atlas = ExtResource( 4 )
region = Rect2( 0, 0, 32, 32 )

[sub_resource type="AtlasTexture" id=16]
atlas = ExtResource( 4 )
region = Rect2( 32, 0, 32, 32 )

[sub_resource type="AtlasTexture" id=17]
atlas = ExtResource( 4 )
region = Rect2( 64, 0, 32, 32 )

[sub_resource type="AtlasTexture" id=18]
atlas = ExtResource( 4 )
region = Rect2( 96, 0, 32, 32 )

[sub_resource type="AtlasTexture" id=19]
atlas = ExtResource( 3 )
region = Rect2( 0, 0, 32, 32 )

[sub_resource type="AtlasTexture" id=20]
atlas = ExtResource( 3 )
region = Rect2( 32, 0, 32, 32 )

[sub_resource type="AtlasTexture" id=21]
atlas = ExtResource( 3 )
region = Rect2( 64, 0, 32, 32 )

[sub_resource type="AtlasTexture" id=22]
atlas = ExtResource( 3 )
region = Rect2( 96, 0, 32, 32 )

[sub_resource type="AtlasTexture" id=23]
atlas = ExtResource( 3 )
region = Rect2( 128, 0, 32, 32 )

[sub_resource type="AtlasTexture" id=24]
atlas = ExtResource( 3 )
region = Rect2( 160, 0, 32, 32 )

[sub_resource type="AtlasTexture" id=25]
atlas = ExtResource( 6 )
region = Rect2( 0, 0, 32, 32 )

[sub_resource type="AtlasTexture" id=26]
atlas = ExtResource( 6 )
region = Rect2( 32, 0, 32, 32 )

[sub_resource type="AtlasTexture" id=27]
atlas = ExtResource( 6 )
region = Rect2( 64, 0, 32, 32 )

[sub_resource type="AtlasTexture" id=28]
atlas = ExtResource( 6 )
region = Rect2( 96, 0, 32, 32 )

[sub_resource type="AtlasTexture" id=29]
atlas = ExtResource( 12 )
region = Rect2( 0, 0, 32, 32 )

[sub_resource type="AtlasTexture" id=30]
atlas = ExtResource( 12 )
region = Rect2( 32, 0, 32, 32 )

[sub_resource type="AtlasTexture" id=31]
atlas = ExtResource( 12 )
region = Rect2( 64, 0, 32, 32 )

[sub_resource type="AtlasTexture" id=32]
atlas = ExtResource( 12 )
region = Rect2( 96, 0, 32, 32 )

[sub_resource type="AtlasTexture" id=33]
atlas = ExtResource( 12 )
region = Rect2( 128, 0, 32, 32 )

[sub_resource type="AtlasTexture" id=34]
atlas = ExtResource( 12 )
region = Rect2( 160, 0, 32, 32 )

[sub_resource type="AtlasTexture" id=35]
atlas = ExtResource( 12 )
region = Rect2( 192, 0, 32, 32 )

[sub_resource type="AtlasTexture" id=36]
atlas = ExtResource( 12 )
region = Rect2( 224, 0, 32, 32 )

[sub_resource type="SpriteFrames" id=37]
animations = [ {
"frames": [ SubResource( 2 ), SubResource( 3 ), SubResource( 4 ), SubResource( 5 ), SubResource( 6 ) ],
"loop": true,
"name": "idle",
"speed": 3.5
}, {
"frames": [ SubResource( 7 ), SubResource( 8 ), SubResource( 9 ), SubResource( 10 ) ],
"loop": true,
"name": "rewind",
"speed": 6.0
}, {
"frames": [ SubResource( 11 ), SubResource( 12 ), SubResource( 13 ), SubResource( 14 ) ],
"loop": false,
"name": "retrace_midair",
"speed": 10.0
}, {
"frames": [ SubResource( 15 ), SubResource( 16 ), SubResource( 17 ), SubResource( 18 ) ],
"loop": true,
"name": "jump",
"speed": 8.0
}, {
"frames": [ SubResource( 19 ), SubResource( 20 ), SubResource( 21 ), SubResource( 22 ), SubResource( 23 ), SubResource( 24 ) ],
"loop": true,
"name": "run",
"speed": 7.0
}, {
"frames": [ SubResource( 25 ), SubResource( 26 ), SubResource( 27 ), SubResource( 28 ) ],
"loop": false,
"name": "retrace",
"speed": 10.0
}, {
"frames": [ SubResource( 29 ), SubResource( 30 ), SubResource( 31 ), SubResource( 32 ), SubResource( 33 ), SubResource( 34 ), SubResource( 35 ), SubResource( 36 ) ],
"loop": false,
"name": "dead",
"speed": 5.0
} ]

[sub_resource type="CanvasItemMaterial" id=38]
particles_animation = true
particles_anim_h_frames = 5
particles_anim_v_frames = 1
particles_anim_loop = false

[sub_resource type="Curve" id=39]
min_value = -500.0
max_value = 500.0
_data = [ Vector2( 0, 1 ), 0.0, 0.0, 0, 0, Vector2( 1, 1 ), 0.0, 0.0, 0, 0 ]

[sub_resource type="CurveTexture" id=40]
curve = SubResource( 39 )

[sub_resource type="ParticlesMaterial" id=41]
lifetime_randomness = 1.0
trail_divisor = 2
emission_shape = 1
emission_sphere_radius = 4.76
flag_disable_z = true
direction = Vector3( 0, 1, 0 )
spread = 112.5
gravity = Vector3( 0, -15, 0 )
initial_velocity = 1.0
angular_velocity = 1.0
angular_velocity_random = 1.0
orbit_velocity = 0.0
orbit_velocity_random = 0.0
orbit_velocity_curve = SubResource( 40 )
damping = 0.5
angle = 1.0
angle_random = 1.0
scale = 0.5
scale_random = 1.0
hue_variation = 0.05
hue_variation_random = 0.5
anim_speed = 1.0

[node name="Flax" type="KinematicBody2D"]
script = ExtResource( 1 )

[node name="CollisionShape2D" type="CollisionShape2D" parent="."]
scale = Vector2( 0.7, 1 )
shape = SubResource( 1 )

[node name="AnimatedSprite" type="AnimatedSprite" parent="."]
pause_mode = 2
frames = SubResource( 37 )
animation = "dead"
frame = 7
playing = true

[node name="Camera2D" type="Camera2D" parent="."]
current = true
zoom = Vector2( 0.5, 0.5 )
smoothing_enabled = true

[node name="Jump" type="AudioStreamPlayer2D" parent="."]
stream = ExtResource( 5 )
volume_db = -5.0

[node name="Rewind" type="AudioStreamPlayer2D" parent="."]
stream = ExtResource( 14 )
volume_db = 0.5

[node name="Retrace" type="AudioStreamPlayer2D" parent="."]
stream = ExtResource( 15 )
volume_db = 0.5

[node name="RetraceBack" type="AudioStreamPlayer2D" parent="."]
stream = ExtResource( 13 )
volume_db = 0.5

[node name="Walk" type="AudioStreamPlayer2D" parent="."]
stream = ExtResource( 16 )
volume_db = -5.0

[node name="Tween" type="Tween" parent="."]

[node name="RayCast2D" type="RayCast2D" parent="."]
rotation = -1.5708
enabled = true
collide_with_areas = true
script = ExtResource( 9 )

[node name="Particles2D" type="Particles2D" parent="."]
material = SubResource( 38 )
emitting = false
amount = 10
lifetime = 3.0
randomness = 1.0
local_coords = false
process_material = SubResource( 41 )
texture = ExtResource( 10 )

[node name="Label" type="Label" parent="."]
visible = false
margin_left = 7.0
margin_top = -18.0
margin_right = 34.0
margin_bottom = -2.0
rect_scale = Vector2( 0.3, 0.3 )
custom_fonts/font = ExtResource( 11 )
text = "[E]"
__meta__ = {
"_edit_use_anchors_": false
}

[connection signal="input_event" from="." to="." method="_on_Flax_input_event"]
