[gd_scene load_steps=11 format=2]

[ext_resource path="res://Assets/sprites/kuyang.png" type="Texture" id=1]
[ext_resource path="res://Scripts/Kuyang.gd" type="Script" id=2]
[ext_resource path="res://Assets/sprites/blood.png" type="Texture" id=3]
[ext_resource path="res://Assets/materials/blood_canvas.tres" type="Material" id=4]
[ext_resource path="res://Assets/materials/blood.tres" type="Material" id=5]
[ext_resource path="res://Scenes/Rewindable.tscn" type="PackedScene" id=6]
[ext_resource path="res://Assets/sounds/blood.wav" type="AudioStream" id=7]
[ext_resource path="res://Assets/sounds/kuyang.wav" type="AudioStream" id=8]

[sub_resource type="CircleShape2D" id=1]
radius = 7.0

[sub_resource type="CircleShape2D" id=2]
radius = 6.0

[node name="Kuyang" type="KinematicBody2D"]
collision_layer = 4
collision_mask = 4
script = ExtResource( 2 )

[node name="Sprite" type="Sprite" parent="."]
texture = ExtResource( 1 )

[node name="Area2D" type="Area2D" parent="."]

[node name="CollisionShape2D" type="CollisionShape2D" parent="Area2D"]
shape = SubResource( 1 )

[node name="CollisionShape2D" type="CollisionShape2D" parent="."]
shape = SubResource( 2 )
disabled = true

[node name="Particles2D" type="Particles2D" parent="."]
material = ExtResource( 4 )
emitting = false
amount = 3
lifetime = 0.75
one_shot = true
explosiveness = 0.5
randomness = 1.0
process_material = ExtResource( 5 )
texture = ExtResource( 3 )

[node name="Rewindable" parent="." instance=ExtResource( 6 )]
position = Vector2( 0, -8 )

[node name="Death" type="AudioStreamPlayer2D" parent="."]
stream = ExtResource( 7 )
volume_db = 5.0

[node name="Idle" type="AudioStreamPlayer2D" parent="."]
stream = ExtResource( 8 )
volume_db = 5.0

[connection signal="area_entered" from="Area2D" to="." method="_on_Area2D_area_entered"]
[connection signal="body_entered" from="Area2D" to="." method="_on_Area2D_body_entered"]
