[gd_scene load_steps=19 format=2]

[ext_resource path="res://Assets/sprites/gui.png" type="Texture" id=1]
[ext_resource path="res://Assets/fonts/main.tres" type="DynamicFont" id=2]
[ext_resource path="res://Assets/sprites/dialogue_advance.png" type="Texture" id=3]
[ext_resource path="res://Scripts/NPCDialogue.gd" type="Script" id=4]
[ext_resource path="res://Assets/sprites/uroboros_neutral.png" type="Texture" id=5]
[ext_resource path="res://Assets/sprites/dialogue_screen.png" type="Texture" id=6]
[ext_resource path="res://Assets/sounds/beep.wav" type="AudioStream" id=7]

[sub_resource type="AtlasTexture" id=1]
atlas = ExtResource( 3 )
region = Rect2( 0, 0, 11, 11 )

[sub_resource type="AtlasTexture" id=2]
atlas = ExtResource( 3 )
region = Rect2( 11, 0, 11, 11 )

[sub_resource type="AtlasTexture" id=3]
atlas = ExtResource( 3 )
region = Rect2( 22, 0, 11, 11 )

[sub_resource type="AtlasTexture" id=4]
atlas = ExtResource( 3 )
region = Rect2( 33, 0, 11, 11 )

[sub_resource type="AtlasTexture" id=5]
atlas = ExtResource( 3 )
region = Rect2( 44, 0, 11, 11 )

[sub_resource type="AtlasTexture" id=6]
atlas = ExtResource( 3 )
region = Rect2( 55, 0, 11, 11 )

[sub_resource type="AtlasTexture" id=7]
atlas = ExtResource( 3 )
region = Rect2( 66, 0, 11, 11 )

[sub_resource type="AtlasTexture" id=8]
atlas = ExtResource( 3 )
region = Rect2( 77, 0, 11, 11 )

[sub_resource type="AtlasTexture" id=9]
atlas = ExtResource( 3 )
region = Rect2( 88, 0, 11, 11 )

[sub_resource type="AtlasTexture" id=10]
atlas = ExtResource( 3 )
region = Rect2( 99, 0, 11, 11 )

[sub_resource type="SpriteFrames" id=11]
animations = [ {
"frames": [ SubResource( 1 ), SubResource( 2 ), SubResource( 3 ), SubResource( 4 ), SubResource( 5 ), SubResource( 6 ), SubResource( 7 ), SubResource( 8 ), SubResource( 9 ), SubResource( 10 ) ],
"loop": true,
"name": "default",
"speed": 5.0
} ]

[node name="NPCDialogue" type="Control"]
pause_mode = 2
anchor_right = 1.0
anchor_bottom = 1.0
rect_pivot_offset = Vector2( 301, -20 )
__meta__ = {
"_edit_use_anchors_": false
}

[node name="Box" type="TextureRect" parent="."]
margin_right = 214.0
margin_bottom = 120.0
rect_scale = Vector2( 3, 3 )
texture = ExtResource( 6 )
stretch_mode = 6
script = ExtResource( 4 )
__meta__ = {
"_edit_use_anchors_": false
}

[node name="Text" type="RichTextLabel" parent="Box"]
margin_left = 79.0
margin_top = 76.0
margin_right = 378.0
margin_bottom = 161.0
rect_scale = Vector2( 0.333, 0.333 )
custom_fonts/normal_font = ExtResource( 2 )
bbcode_text = "aaaa"
text = "aaaa"
__meta__ = {
"_edit_use_anchors_": false
}

[node name="Indicator" type="Control" parent="Box"]
margin_left = 173.0
margin_top = 106.0
margin_right = 180.0
margin_bottom = 113.0
__meta__ = {
"_edit_use_anchors_": false
}

[node name="AnimatedSprite" type="AnimatedSprite" parent="Box/Indicator"]
position = Vector2( 3.5, 3.5 )
scale = Vector2( 0.636364, 0.636363 )
frames = SubResource( 11 )
frame = 6
playing = true

[node name="Timer" type="Timer" parent="Box"]

[node name="Sprite" type="Sprite" parent="Box"]
position = Vector2( 54, 92 )
texture = ExtResource( 5 )

[node name="AudioStreamPlayer" type="AudioStreamPlayer" parent="Box"]
stream = ExtResource( 7 )

[node name="NinePatchRect" type="NinePatchRect" parent="."]
anchor_left = 0.5
anchor_top = 0.5
anchor_right = 0.5
anchor_bottom = 0.5
margin_left = -234.0
margin_top = -13.0
margin_right = -184.0
margin_bottom = -4.0
rect_scale = Vector2( 3, 3 )
texture = ExtResource( 1 )
region_rect = Rect2( 0, 0, 16, 16 )
patch_margin_left = 2
patch_margin_top = 2
patch_margin_right = 2
patch_margin_bottom = 2
__meta__ = {
"_edit_use_anchors_": false
}

[node name="Title" type="RichTextLabel" parent="NinePatchRect"]
margin_left = 9.0
margin_top = 2.0
margin_right = 105.0
margin_bottom = 19.0
rect_scale = Vector2( 0.333, 0.333 )
rect_clip_content = false
custom_fonts/normal_font = ExtResource( 2 )
text = "Uroboros"
__meta__ = {
"_edit_use_anchors_": false
}
